
@ARTICLE{AdamsIdea,
  author = {Marvin L. Adams},
  title = {{``I have an idea!'' An appreciation of Edward W. Larsen's contributions
	to particle transport}},
  journal = {Annals of Nuclear Energy},
  year = {2004},
  volume = {31},
  pages = {1963-1986}
}

@ARTICLE{Adams,
  author = {Marvin L. Adams and Edward W. Larsen},
  title = {Fast Iterative Methods for Discrete-ordinates Particle Transport
	Calculations},
  journal = {Progress in Nuclear Energy},
  year = {2002},
  volume = {40},
  pages = {3-159}
}

@book{agoshkov,
  title={Boundary Value Problems for Transport Equations},
  author={Agoshkov, V.},
  isbn={9780817639860},
  series={Modeling and Simulation in Science, Engineering and Technology},
  year={1998},
  publisher={Birkh{\"a}user Boston}
}

@ARTICLE{Buchan,
  author = {A. G. Buchan, C. C. Pain, M. D. Eaton, R. P. Smedley-Stevenson and A. J. H. Goddard},
  title = {Self-Adaptive Spherical Wavelets for Angular Discretizations of the Boltzmann Transport Equation},
  journal = {Nuclear Science and Engineering},
  year = {2008},
  volume = {158},
  number = {3},
  pages = {244-263}
}

@ARTICLE{Chang,
    author = {B. Chang and B. Lee},
    title = {A MULTIGRID ALGORITHM FOR SOLVING THE MULTI-GROUP, ANISOTROPIC SCATTERING BOLTZMANN EQUATION USING FIRST-ORDER SYSTEM LEAST-SQUARES METHODOLOGY},
    journal = {Electronic Transactions on Numerical Analysis},
    volume = {15},
    pages = {132-151},
    year = {2003}
}

@ARTICLE{Solin1,
  author = {Pavel Solin and Stefano Giani},
  title = {An Iterative Adaptive Finite Element Method for Elliptic Eigenvalue Problems},
  journal = {Journal of Computational and Applied Mathematics},
  year = {2012},
  volume = {236},
  number = {18},
  pages = {4582-4599}
}

@MANUAL{Hermes-project,
   title =  {Hermes - Higher-Order Modular Finite Element System (User's Guide)},
   author = {P. Solin et al.},
   url =    {http://hpfem.org/}
}

@UNPUBLISHED{Sweers,
  TITLE        = {Corners give problems with decoupling fourth order equations into second order systems},
  AUTHOR       = {T. Gerasimov, A. Stylianou and G. Sweers},
  YEAR         = {2012},
  NOTE         = {Submitted; preprint available at \url{http://www.ikm.uni-hannover.de/uploads/tx_tkpublikationen/GeStySw12.pdf}.}
}

@MANUAL{DANTSYS,
  title = {{DANTSYS: A Diffusion Accelerated Neutral Particle Transport Code
	System}},
  author = {Raymond E. Alcouffe and Randal S. Baker and Forrest W. Brinkley and
	Duane R. Man and R. Douglas {O'Dell} and Wallace F. Walters},
  organization = {Los Alamos National Laboratory},
  edition = {CIC-14},
  month = jun,
  year = {1995},
  institution = {Los Alamos National Laboratory}
}

@ARTICLE{AllaireHomogenization,
  author = {Gr{\' e}goire Allaire and Guillaume Bal},
  title = {Homogenization of the criticality spectral equation in neutron transport},
  journal = {RAIRO - Mod{\' e}lisation math{\' e}matique et analyse num{\' e}rique},
  year = {1999},
  volume = {33},
  pages = {721-746},
  number = {4}
}

@ARTICLE{AllaireOPT,
  author = {Allaire, G. and Castro, C.},
  title = {Optimization of nuclear fuel reloading by the homogenization method},
  journal = {{S}truct. {M}ultidisc. {O}ptim.},
  year = {2002},
  volume = {24},
  pages = {1-22}
}

@ARTICLE{Applequist1,
  author = {Jon Applequist},
  title = {{Traceless cartesian tensor forms for spherical harmonic functions: new theorems and applications to electrostatics of dielectric media}},
  journal = {Journal of Physics A: Mathematical and General},
  year = {1989},
  volume = {22},
  pages = {4303-4330}
}

@ARTICLE{Applequist2,
  author = {Jon Applequist},
  title = {{Maxwell-Cartesian spherical harmonics in multipole potentials and atomic orbitals}},
  journal = {Theoretical Chemistry Accounts},
  year = {2002},
  volume = {107},
  pages = {103-115}
}

@ARTICLE{Boulanouar1,
  author = {Mohamed Boulanouar},
  title = {New trace theorems for neutronic function spaces},
  journal = {Transport Theory and Statistical Physics},
  year = {2009},
  volume = {38},
  pages = {228-242}
}

@BOOK{Atkinson,
  title = {Theoretical Numerical Analysis: A Functional Analysis Framework},
  publisher = {Springer},
  year = {2001},
  author = {Kendall Atkinson and Weimin Han},
  volume = {9},
  series = {Texts in Applied Mathematics}
}

@BOOK{AxelssonISM,
  title = {Iterative Solution Methods},
  publisher = {Cambridge University Press},
  year = {1996},
  author = {Axelsson, Owe}
}

@ARTICLE{Beckert,
  author = {C. Beckert and U. Grundmann},
  title = {Development and verification of a nodal approach for solving the
	multigroup {SP}$_3$ equations},
  journal = {Annals of Nuclear Energy},
  year = {2008},
  volume = {35},
  pages = {75-86}
}

@TECHREPORT{BrandnerNM,
  author = {Brandner, Marek and Ku{\v z}el, Roman},
  title = {Nod{\'a}ln{\'i} metody pro dif{\'u}zn{\'i} dvougrupov{\'y} model
	reaktoru},
  institution = {Z{\'a}pado{\v c}esk{\'a} univerzita v Plzni},
  year = {2006},
  month = jan
}

@ARTICLE{Brantley1,
  author = {Patrick S. Brantley and Edward W. Larsen},
  title = {The Simplified {P3} Approximation},
  journal = {Nuclear Science and Engineering},
  year = {2000},
  volume = {134},
  pages = {1-21}
}

@BOOK{Cacuci1,
  title = {Handbook of Nuclear Engineering, Volume I: Nuclear Engineering Fundamentals},
  publisher = {Springer Science + Business Media LLC},
  year = {2010},
  author = {Dan Gabriel Cacuci},
  owner = {milan},
  timestamp = {2012.03.26}
}

@PHDTHESIS{CapHOM,
  author = {Capdebosq, Yves},
  title = {Homogeneisation des modeles de diffusion en neutronique},
  school = {Centre d'{E}tudes de {S}aclay, {D}irection des {R}{\' e}acteurs {N}ucl{\'e}aires, D{\' e}partement de 
  	{M}{\' e}canique et de {T}echnologie},
  year = {1999},
  month = sep,
  url = {http://www-ist.cea.fr/publicea/exl-doc/00000037296.pdf}
}

@PHDTHESIS{Park,
  author = {Hyeong{K}ae Park},
  title = {{Coupled Space-Angle Adaptivity and Goal-Oriented Error Control for Radiation Transport Calculations}},
  school = {{Georgia Institute of Technology}},
  year = {2006},
  month = dec,
  url = {https://smartech.gatech.edu/bitstream/handle/1853/13944/park_hyeongkae_200612_phd.pdf}
}

@ARTICLE{Capilla,
  author = {M. Capilla and C. F. Talavera and D. Ginestar and G. Verd{\' u}},
  title = {{A nodal collocation approximation for the multi-dimensional PL equations
	-- 2D applications}},
  journal = {Annals of Nuclear Energy},
  year = {2008},
  volume = {35},
  pages = {1820-1830}
}

@ARTICLE{Chao1,
  author = {Chao, Y. A. and Shatilla, Y. A.},
  title = {{C}onformal {M}apping and {H}exagonal {N}odal {M}ethods -- {I}: Mathematical
	Foundation},
  journal = {{N}ucl. {S}ci. {E}ng.},
  year = {1995},
  volume = {121},
  pages = {202-209}
}

@ARTICLE{Chao2,
  author = {Chao, Y. A. and Shatilla, Y. A.},
  title = {{C}onformal {M}apping and {H}exagonal {N}odal {M}ethods -- {II}:
	{I}mplementation in the {ANC-H} {C}ode},
  journal = {{N}ucl. {S}ci. {E}ng.},
  year = {1995},
  volume = {121},
  pages = {210-225}
}

@ARTICLE{Cho2,
  author = {Jin-Young Cho and Kang-Seog Kim and Hyung-Jin Shim and Jae-Seung
	Song and Chung-Chan Lee and Han-Gyu Joo},
  title = {Whole Core Transport Calculation Employing Hexagonal Modular Ray
	Tracing and {CMFD} Formulation},
  journal = {Journal of Nuclear Science and Technology},
  year = {2008},
  volume = {45},
  pages = {740-751},
  number = {8},
  owner = {milan},
  timestamp = {2011.06.29}
}

@ARTICLE{Cho1,
  author = {Nam Zin Cho},
  title = {Fundamentals and Recent Developments of Reactor Physics Methods},
  journal = {Nuclear Engineering and Technology},
  year = {2005},
  volume = {37},
  pages = {25-78},
  owner = {Milan},
  timestamp = {2009.08.16}
}

@ARTICLE{ChoAFEN,
  author = {Nam Zin Cho and Jaejun Lee},
  title = {{A}nalytic {F}unction {E}xpansion {N}odal {(AFEN)} {M}ethod in {H}exagonal-{Z}
	{T}hree-{D}imensional {G}eometry for {N}eutron {D}iffusion {C}alculation},
  journal = {Journal of Nuclear Science and Technology},
  year = {2006},
  volume = {43},
  pages = {1320-1326},
  number = {11},
  owner = {Milan},
  timestamp = {2009.07.07}
}

@ARTICLE{ChoAxialSPN,
  author = {{Jin-Young} Cho and {Kang-Seog} Kim and {Chung-Chan} Lee and {Sung-Quun}
	Zee and {Han-Gyu} Joo},
  title = {Axial {SPN} and Radial {MOC} Coupled Whole Core Transport Calculation},
  journal = {Journal of Nuclear Science and Technology},
  year = {2007},
  volume = {44},
  pages = {1156-1171}
}

@ARTICLE{Coppa1,
  author = {R. Ciolini and G. G. M. Coppa and B. Montagnini and P. Ravetto},
  title = {{Simplified $P_N$ and $A_N$ Methods in Neutron Transport}},
  journal = {Progress in Nuclear Energy},
  year = {2002},
  volume = {40},
  pages = {237-264},
  number = {2}
}

@ARTICLE{Coppa2,
  author = {G. G. M. Coppa and V. Giusti and B. Montagnini and P. Ravetto},
  title = {On the Relation Between Spherical Harmonics and Simplified Spherical
	Harmonics Methods},
  journal = {Transport Theory and Statistical Physics},
  year = {2011},
  volume = {39},
  pages = {164-191},
  owner = {milan},
  timestamp = {2011.08.02}
}

@ARTICLE{Coppa3,
  author = {G. G. M. Coppa},
  title = {Deduction of a Symmetric Tensor Formulation of the $P_N$ Method for the Linear Transport Equation},
  journal = {Progress in Nuclear Energy},
  year = {2010},
  volume = {52},
  pages = {747-752}
}

@TECHREPORT{PNSN,
  author = {D. E. Cullen},
  title = {{Why are the PN and SN Methods Equivalent?}},
  institution = {Lawrence Livermore National Laboratory},
  year = {2001}
}

@BOOK{DautrayLions,
  title = {{Mathematical Analysis and Numerical Methods for Science and Technology}},
  publisher = {Springer},
  year = {2000},
  author = {Robert Dautray and Jacques-Louis Lions},
  volume = {6 -- Evolution Problems II}
}

@article{Davis, 
title={VARIATIONAL VACUUM BOUNDARY CONDITIONS FOR A PN APPROXIMATION}, author={Davis, J.A.}, year={1965}, month={Nov}}

@article{Rumyantsev,
title = "Boundary conditions in the spherical-harmonic method ",
journal = "Journal of Nuclear Energy. Parts A/B. Reactor Science and Technology ",
volume = "14",
number = "1–4",
pages = "215 - ",
year = "1961",
note = "",
issn = "0368-3230",
doi = "http://dx.doi.org/10.1016/0368-3230(61)90125-2",
url = "http://www.sciencedirect.com/science/article/pii/0368323061901252",
author = "G.Ya. Rumyantsev"
}

@book{leveque,
  title={Finite Volume Methods for Hyperbolic Problems},
  author={LeVeque, R.J.},
  isbn={9780521009249},
  series={Cambridge Texts in Applied Mathematics},
  year={2002},
  publisher={Cambridge University Press}
}

@BOOK{Maxwell,
  title = {A treatise on electricity and magnetism},
  publisher = {Clarendon Press, Oxford, UK},
  year = {1873},
  author = {James C. Maxwell},
  volume = {I}
}

@ARTICLE{McClarren2,
  author = {Jeffery D. Densmore and Ryan G. McClarren},
  title = {{Moment Analysis of Angular Approximation Methods for Time-Dependent
	Radiation Transport}},
  journal = {Transport Theory and Statistical Physics},
  year = {2011},
  volume = {39},
  pages = {192-233},
  owner = {milan},
  timestamp = {2011.08.02}
}

@ARTICLE{McClarren3,
  author = { Ryan G. McClarren and Cory D. Hauck},
  title = {Robust and Accurate Filtered Spherical Harmonics Expansions for Radiative Transfer},
  journal = {Journal of Computational Physics},
  year = {2008},
  volume = {227},
  pages = {2864-2885}
}

@ARTICLE{McClarren4,
  author = { Ryan G. McClarren and James P. Holloway and Thomas A. Brunner},
  title = {On solutions to the Pn equations for thermal radiative transfer},
  journal = {Journal of Computational Physics},
  year = {2010},
  volume = {229},
  pages = {5597-5614}
}

@PHDTHESIS{McClarren5,
  author = {Ryan G. McClarren},
  title = {Spherical Harmonics Methods for Thermal Radiation Transport},
  school = {The University of Michigan},
  year = {2006},
  url = {http://www.drryanmc.com/papers/2006/McClarren.pdf}
}

@MISC{Derstine,
  author = {Derstine, K. L.},
  title = {{DIF3D}, {S}tandard {C}ode {D}escription},
  howpublished = {Available from: \url{http://www.ne.anl.gov/codes/dif3d/}},
  note = {Last checked: 09-16-2007},
  owner = {Milan},
  timestamp = {2009.07.07}
}

@MISC{ANDREA,
  author = {Nuclear Research Institute Rez},
  title = {ANDREA},
  url = {http://orf.ujv.cz/en/products/andrea},
  note = {Last checked: 09-21-2014}
}

@article{MOBYDICK,
title = "Development of the \{VVER\} core loading optimization system ",
journal = "Annals of Nuclear Energy ",
volume = "31",
number = "7",
pages = "747 - 772",
year = "2004",
issn = "0306-4549",
doi = "http://dx.doi.org/10.1016/j.anucene.2003.09.005",
url = "http://www.sciencedirect.com/science/article/pii/S0306454903002834",
author = "C. Guler and S. Levine and K. Ivanov and J. Svarny and V. Krysl and P. Mikolas and J. Sustek"
}

@article{opt1,
title = "Development of a VVER-1000 core loading pattern optimization program based on perturbation theory ",
journal = "Annals of Nuclear Energy ",
volume = "39",
number = "1",
pages = "35 - 41",
year = "2012",
issn = "0306-4549",
doi = "http://dx.doi.org/10.1016/j.anucene.2011.08.028",
url = "http://www.sciencedirect.com/science/article/pii/S0306454911003665",
author = "Mohammad Hosseini and Naser Vosoughi"
}

@article{opt2,
title = "Automatic multi-cycle reload design of pressurized water reactor using particle swarm optimization algorithm and local search ",
journal = "Annals of Nuclear Energy ",
volume = "59",
number = "0",
pages = "255 - 260",
year = "2013",
issn = "0306-4549",
doi = "http://dx.doi.org/10.1016/j.anucene.2013.04.013",
url = "http://www.sciencedirect.com/science/article/pii/S0306454913002156",
author = "Chaung Lin and Shao-Chun Hung"
}

@article{opt3,
title = "A new approach for heuristics-guided search in the In-Core Fuel Management Optimization ",
journal = "Progress in Nuclear Energy ",
volume = "52",
number = "4",
pages = "339 - 351",
year = "2010",
note = "",
issn = "0149-1970",
doi = "http://dx.doi.org/10.1016/j.pnucene.2009.07.007",
url = "http://www.sciencedirect.com/science/article/pii/S0149197009001061",
author = "Anderson Alvarenga de Moura Meneses and Luca Maria Gambardella and Roberto Schirru"
}

@TECHREPORT{Downar,
  author = {Thomas J. Downar},
  title = {Adaptive Nodal Transport Methods for Reactor Transient Analysis},
  institution = {Purdue University},
  year = {2005}
}

@ARTICLE{Hejzlar1,
  author = {Michael J. Driscoll and Pavel Hejzlar},
  title = {Reactor Physics Challenges in {Gen-IV} Reactor Design},
  journal = {Nuclear Engineering and Technology},
  year = {2005},
  volume = {37},
  pages = {1-10},
  number = {1},
  owner = {milan},
  timestamp = {2011.06.29}
}

@BOOK{DrabekNFA,
  title = {Methods of Nonlinear Analysis},
  publisher = {Birkh{\"a}user},
  year = {2007},
  author = {Pavel Dr{\' a}bek and Jaroslav Milota}
}

@BOOK{Duderstadt,
  title = {{N}uclear {R}eactor {A}nalysis},
  publisher = {{J}ohn {W}iley \& {S}ons, {Inc.}},
  year = {1976},
  author = {Duderstadt, James J. and Hamilton, Louis J.}
}

@TECHREPORT{Morel1,
  author = {Jim E. Morel and John M. McGhee},
  title = {{A Self-Adjoint Angular Flux Equation}},
  institution = {Los Alamos National Laboratory},
  url = {http://www.ccs.lanl.gov/CCS/CCS-4/pdf/saafnew.pdf}
}

@ARTICLE{Manteuffel,
    author = {Thomas A. Manteuffel and Klaus J. Ressel and Gerhard Starke},
    title = {A Boundary Functional for the Least-Squares Finite-Element Solution of Neutron Transport Problems},
    journal = {SIAM Journal on Numerical Analysis},
    year = {2000},
    volume = {37},
    number = {2},
    pages = {556--586}
}

@article{Nelson,
	author={Nelson,Jr, Paul and Victory,Jr,H.Dean},
	year={1979},
	month={04},
	title={Theoretical Properties of One-Dimensional Discrete Ordinates},
	journal={SIAM Journal on Numerical Analysis},
	volume={16},
	number={2},
	pages={270-14},
	note={Copyright - Copyright] © 1979 © Society for Industrial and Applied Mathematics; Last updated - 2012-06-29}
}


@TECHREPORT{Larsen1,
  author = {Edward W. Larsen, Jim E. Morel and John M. McGhee},
  title = {{Asymptotic Derivation of the Multigroup P1 and Simplified PN equations
	with Anisotropic Scattering}},
  institution = {Los Alamos National Laboratory},
  year = {1995}
}

@UNPUBLISHED{EymardFVM,
  author = {Eymard, Robert and Gallou{\"e}t, Thierry and Herbin, Rapha{\`e}le},
  title = {{F}inite {V}olume {M}ethods},
  note = {Update of the preprint n0 97-19 du {LATP}, {UMR} 6632, {M}arseille,
	{S}eptember 1997,
	
	which appeared in {H}andbook of {N}umerical {A}nalysis,
	
	{P}. {G}. {C}iarlet, {J}. {L}. {L}ions, vol. 7, pp. 713-1020},
  month = jan,
  year = {2003}
}

@ARTICLE{Frank0,
	author={Martin Frank},
	title={Approximate Models of Radiative Transfer},
	journal={Bulletin of the Institute of Mathematics},
	year = {2007},
	volume = {2},
	number = {2},
	pages = {409-432}
}

@ARTICLE{Frank1,
  author = {Martin Frank and Axel Klar and Edward W. Larsen and Shugo Yasuda},
  title = {{Time-dependent simplified PN approximation to the equations of radiative
	transfer}},
  journal = {Journal of Computational Physics},
  year = {2007},
  volume = {226},
  pages = {2289-2305},
  owner = {milan},
  timestamp = {2011.08.02}
}

@ARTICLE{FuNAM,
  author = {Fu, Xue Dong and Cho, Nam Zin},
  title = {Nonlinear Analytic and Semi-Analytic Nodal Methods for Multigroup
	Neutron Diffusion Calculations},
  journal = {Journal of Nuclear Science and Technology},
  year = {2002},
  volume = {39},
  pages = {1015-1025},
  number = {10},
  month = oct
}

@ARTICLE{GallouetEE,
  author = {Gallou{\"e}t, Thierry and Herbin, Rapha{\`e}le and Vignal, {M}arie
	H{\'e}l{\`e}ne},
  title = {Error estimates on the approximate finite volume solution of convection
	diffusion equations with general boundary conditions},
  journal = {{SIAM} {J}. {N}umer. {A}nal.},
  year = {2000},
  volume = {37},
  pages = {1935-1972},
  number = {6}
}

@TECHREPORT{Gelbard2,
  author = {E. M. Gelbard},
  title = {Simplified Spherical Harmonics Equations and Their Use in Shielding
	Problems},
  institution = {Bettis Atomic Power Laboratory},
  year = {1961},
  number = {WAPD-T-1182},
  owner = {milan},
  timestamp = {2011.09.21}
}

@TECHREPORT{Gelbard1,
  author = {E. M. Gelbard},
  title = {Application of spherical harmonics methods to reactor problems},
  institution = {Bettis Atomic Power Laboratory},
  year = {1960},
  number = {WAPD-BT-20},
  owner = {milan},
  timestamp = {2011.09.21}
}

@TECHREPORT{GrundmannDYN3D,
  author = {U. Grundmann and U. Rohde and S. Mittag and S. Kliem},
  title = {{DYN3D Version 3.2}, {D}escription of {M}odels and {M}ethods},
  institution = {Forschungszentrum Rossendorf},
  year = {2005},
  type = {Wissenschaftlich-Technische Berichte},
  number = {FZR-434},
  owner = {Milan},
  timestamp = {2009.07.07}
}

@INPROCEEDINGS{HabetlerEX,
  author = {Habetler, G. and Martino, M.},
  title = {Existence theorems and spectral theory for the multigroup diffusion
	model},
  booktitle = {Proc. {S}ymp. {A}ppl. {M}ath.},
  year = {1961},
  volume = {XI}
}

@BOOK{Hanus3,
  title = {Mathematical Modeling of Neutron Transport: Theoretical and computational
	point of view},
  publisher = {LAP LAMBERT Academic Publishing GmbH \& Co. KG},
  year = {2011},
  author = {M. Hanu{\v s}},
  owner = {milan},
  timestamp = {2011.09.25}
}

@article{benchmarkspecification,
author = {Finnemann, H. and Galati, A.},
journal = {NEACRP-L-335 (Revision 1)},
title = {NEACRP 3-D LWR core transient benchmark, final specification},
year = {1991}
}

@article{benchmarkresults,
author = {Finnemann, H. and Bauer, H. and Galati, A. and Martinelli, R.},
journal = {NEA/NSC/DOC(93)25},
title = {Results of LWR core transient benchmark},
year = {1993}
}

@techreport{mox-bench,
author = {Kozlowski, T. and Downar, T. J.},
note = {NEA/NSC/DOC(2006)20},
title = {PWR MOX/UO2 Core Transient Benchmark},
year = {2007}
}

@unpublished{IAPWS,
author = {The International Association for the Properties of Water and Steam},
title = {Revised Release on the IAPWS Industrial Formulation 1997 for the Thermodynamic Properties of Water and Steam},
year = {2007},
url = {www.iapws.org}
}

@unpublished{MATPRO,
title = {MATPRO version 11},
url = {http://0-www.osti.gov.iii-server.ualr.edu/scitech/servlets/purl/6442256}
}

@book{ciarlet,
author = {P. G. Ciarlet and P., G.},
publisher = {North--Holland, Amsterdam},
series = {Series Studies in Mathematics and its Applications},
title = {The finite element method for elliptic problems},
year = {1978},
}

@BOOK{Hanus1,
  title = {Numerical modelling of neutron flux in nuclear reactors},
  publisher = {{F}aculty of {A}pplied {S}ciences, {U}niversity of {W}est {B}ohemia
	in {P}ilsen},
  year = {2007},
  author = {Hanu{\v s}, Milan},
  month = jun,
  note = {Bachelor's Thesis. Supervisor: Marek Brandner},
  owner = {Milan},
  school = {Faculty of {A}pplied {S}ciences, {U}niversity of {W}est {B}ohemia
	in {P}ilsen},
  timestamp = {2009.07.07}
}

@INPROCEEDINGS{Hanus3,
  author = {Milan Hanu{\v s} and Tom{\' a}{\v s} Berka and Marek Brandner and
	Roman Ku{\v z}el and Ale{\v s} Matas},
  title = {Three-dimensional Numerical Model of Neutron Flux in Hex-Z Geometry},
  booktitle = {Programs and algorithms of numerical mathematics 14},
  year = {2008},
  owner = {Milan},
  timestamp = {2009.08.16}
}

@ARTICLE{Hanus2,
  author = {M. Brandner, M. Hanu{\v s}, and R. Ku{\v z}el},
  title = {{Nodal methods for a two-dimensional static multigroup diffusion calculation}},
  journal = {Journal of Interdisciplinary Mathematics},
  year = {2009},
  volume = {12},
  number = {2},
  pages = {203-224},
  issn = {0972-0502}
}

@BOOK{HermanskyJR,
  title = {Jadern{\'e} reaktory},
  publisher = {SNTL, Praha},
  year = {1981},
  author = {He{\v r}mansk{\'y}, Bed{\v r}ich},
  owner = {Milan},
  timestamp = {2009.07.11}
}

@TECHREPORT{ONETRAN,
  author = {T. R. Hill},
  title = {{ONETRAN: A Discrete Ordinates Finite Element Code for the Solution
	of the One-Dimensional Multigroup Transport Equation}},
  institution = {Los Alamos Scientific Laboratory},
  year = {1975},
  month = jun
}

@ARTICLE{Selengut,
  author = {D. S. Selengut},
  title = {{A new form of the P3 approximation}},
  journal = {Transactions of American Nuclear Society},
  year = {1970},
  volume = {13},
  pages = {625-626}
}

@ARTICLE{Johnston1,
  author = {Tudor W. Johnston},
  title = {{General Spherical Harmonic Tensors in the Boltzmann Equation}},
  journal = {Journal of Mathematical Physics},
  year = {1966},
  volume = {7},
  number = {8},
  pages = {1453-1458}
}

@ARTICLE{Hursin1,
  author = {Mathieu Hursin and Shanjie Xiao and Tatjana Jevremovic},
  title = {{Synergism of the method of characteristic, R-functions and diffusion
	solution for accurate representation of 3D neutron interactions in
	research reactors using the AGENT code system}},
  journal = {Annals of Nuclear Energy},
  year = {2006},
  volume = {33},
  pages = {1116-1133},
  owner = {milan},
  timestamp = {2011.06.29}
}

@ARTICLE{Kim,
  author = {{Yeong-il} Kim and Jaewoon Yoo and Dohee Hahn and Chang Hyo Kim},
  title = {A conformal mapped nodal {SP3} method for hexagonal core analysis},
  journal = {Annals of Nuclear Energy},
  year = {2009},
  volume = {36},
  pages = {498-504}
}

@ARTICLE{Kirschenmann1,
  author = {W. Kirschenmann and L. Plagne and A. Poncot and S. Vialle},
  title = {{Parallel SPN on Multi-Core CPUs and Many-Core GPUs}},
  journal = {Transport Theory and Statistical Physics, 39:255-281, 2011},
  year = {2011},
  volume = {39},
  pages = {255-281},
  owner = {milan},
  timestamp = {2011.08.02}
}

@ARTICLE{Kosaka1,
  author = {Shinya Kosaka and Etsuro Saji},
  title = {Transport Theory Calculation for a Heterogeneous Multi-Assembly Problem
	by Characteristics Method with Direct Neutron Path Linking Technique},
  journal = {Journal of Nuclear Science and Technology},
  year = {2000},
  volume = {37},
  pages = {1015-1023},
  number = {12},
  owner = {milan},
  timestamp = {2011.06.29}
}

@ARTICLE{Kosaka2,
  author = {Shinya Kosaka and Toshikazu Takeda},
  title = {Critical Experiment Analyses by {CHAPLET-3D} Code in Two- and Three-Dimensional
	Core Models},
  journal = {Journal of Nuclear Science and Technology},
  year = {2005},
  volume = {42},
  pages = {101-108},
  number = {1},
  owner = {milan},
  timestamp = {2011.06.29}
}

@PHDTHESIS{Kotiluoto,
  author = {Petri Kotiluoto},
  title = {Adaptive tree multigrids and simplified spherical harmonics approximation
	in deterministic neutral and charged particle transport},
  school = {University of Helsinki},
  year = {2007}
}

@MISC{Kulikowska,
  author = {Teresa Kulikowska},
  title = {Reactor Lattice Codes},
  year = {2000},
  note = {Lecture given at the Workshop on Nuclear Data and Nuclear Reactors:
	Physics, Design and Safety, Trieste, 13 March - 14 April 2000}
}

@UNPUBLISHED{ZiminComm,
  author = {V. G. Zimin},
  title = {Personal communication},
  note = {National Research Nuclear University MEPhI, Moscow},
  year = {2011},
  owner = {Milan}
}

@ARTICLE{Larsen2,
  author = {Edward W. Larsen},
  title = {{Asymptotic Diffusion and Simplified PN Approximations for Diffusive
	and Deep Penetration Problems. Part 1: Theory}},
  journal = {Transport Theory and Statistical Physics},
  year = {2011},
  volume = {39},
  pages = {110-163},
  owner = {milan},
  timestamp = {2011.08.02}
}

@ARTICLE{Larsen3,
  author = {Edward W. Larsen and Guido Th{\"o}mmes and Axel Klar and Mohammed
	Sea{\"i}d and Thomas G{\"o}tz},
  title = {{Simplified PN Approximations to the Equations of Radiative Heat
	Transfer and Applications}},
  journal = {Journal of Computational Physics},
  year = {2002},
  volume = {183},
  pages = {652-675},
  owner = {milan},
  timestamp = {2011.08.02}
}

@ARTICLE{Larsen4,
  author = {E. W. Larsen and T. J. Trahan},
  title = {{2-D Anisotropic Diffusion in Optically Thin Channels}},
  journal = {{Transactions of the American Nuclear Society}},
  year = {2009},
  volume = {101},
  pages = {387},
  owner = {milan},
  timestamp = {2011.12.15}
}

@ARTICLE{LathouwersTEIG,
  author = {D. Lathouwers},
  title = {Iterative computation of time-eigenvalues of the neutron transport
	equation},
  journal = {Annals of Nuclear Energy},
  year = {2003},
  volume = {30},
  pages = {1793-1806}
}

@PHDTHESIS{Leppanen,
  author = {Jaakko Lepp{\"a}nen},
  title = {Development of a New Monte Carlo Reactor Physics Code},
  school = {Helsinki University of Technology},
  year = {2007}
}

@MASTERSTHESIS{MaoCANDU,
  author = {Mao, Jinchao},
  title = {Implementation of the analytic nodal method in the {NDF} code and
	applications to {CANDU} reactors},
  school = {{\' E}cole {P}olytechnique de {M}ontr{\' e}al},
  year = {2000}
}

@ARTICLE{McClarren1,
  author = {Ryan G. McClarren},
  title = {{Theoretical Aspects of the Simplified Pn Equations}},
  journal = {Transport Theory and Statistical Physics},
  year = {2011},
  volume = {39},
  pages = {73-109},
  owner = {milan},
  timestamp = {2011.08.02}
}

@BOOK{MeyerMA,
  title = {Matrix Analysis and Applied Linear Algebra},
  publisher = {SIAM},
  year = {2000},
  author = {Meyer, Carl D.}
}

@BOOK{MokhtarKharroubi,
  title = {Mathematical topics in neutron transport theory},
  publisher = {World Scientific Pub. Co. Inc.},
  year = {1998},
  author = {M. Mokhtar-Kharroubi}
}

@PHDTHESIS{MosherVAR,
  author = {Mosher, Scott W.},
  title = {{A} {V}ariational {T}ransport {T}heory {M}ethod for {T}wo-{D}imensional
	{R}eactor {C}ore {C}alculations},
  school = {{S}chool of {M}echanical {E}ngineering, {G}eorgia {I}nstitute of
	{T}echnology},
  year = {2004},
  month = jun
}

@PHDTHESIS{MoultonNM,
  author = {Moulton, David J.},
  title = {Nodal Methods: Analysis, Performance and Fast Iterative Solvers},
  school = {University of British Columbia},
  year = {1996},
  address = {Institute of Applied Mathematics},
  month = nov,
  lastchecked = {01-19-2007},
  url = {http://www.iam.ubc.ca/theses/moulton/moulton.ps.Z}
}

@BOOK{MikaPDRET,
  title = {Parci{\' a}ln{\' i} diferenci{\' a}ln{\' i} rovnice eliptick{\' e}ho
	typu},
  publisher = {Vydavatelstv{\' i} {Z}{\' a}pado{\v c}esk{\' e} univerzity v {P}lzni},
  year = {1993},
  author = {M{\' i}ka, Stanislav and Kufner, Alois}
}

@BOOK{BrandnerSNM,
  title = {Speci{\' a}ln{\' i} numerick{\' e} metody},
  publisher = {Vydavatelsk{\' y} servis, Pilsen},
  year = {2006},
  author = {Stanislav M{\' i}ka and Petr P{\v r}ikryl and Marek Brandner}
}

@BOOK{Davison,
  title = {{Neutron Transport Theory}},
  publisher = {Oxford University Press},
  year = {1958},
  author = {B. Davison}
}

@BOOK{Azmy1,
  title = {Nuclear Computational Science. A Century in Review},
  publisher = {Springer},
  year = {2006},
  author = {Yousry Azmy and Enrico Sartori}
}

@TECHREPORT{Alcouffe1,
  author = {R. Douglas O'Dell and Raymond E. Alcouffe},
  title = {Transport Calculations for Nuclear Analyses -- Theory and Guidelines
	for Effective Use of Transport Codes},
  institution = {Los Alamos National Laboratory},
  year = {1987}
}

@ARTICLE{Alcouffe2,
  author = {Raymond E. Alcouffe},
  title = {Diffusion synthetic acceleration methods for the diamond-differenced discrete-ordinates equations},
  journal = {Nuclear Science and Engineering},
  year = {1977},
  volume = {64},
  pages = {344}
}

@ELECTRONIC{JANIS,
  author = {{OECD / Nuclear Energy Agency}},
  year = {2007},
  title = {Janis 3},
  url = {http://www.nea.fr/janis/},
  owner = {Milan},
  timestamp = {2009.07.11}
}

@ARTICLE{Li1,
  author = {Hong-Shun Li, Gilles Flamant and Ji-Dong Lu },
  title = {Mitigation of ray effects in the discrete ordinates method},
  journal = {Numerical Heat Transfer, Part B: Fundamentals},
  year = {2003},
  volume = {43},
  pages = {445-466},
  number = {12}
}

@MANUAL{Hermes,
  title = {{Hermes - Higher-Order Modular Finite Element System (User's Guide)}},
  author = {{P. Solin et al.}},
  year = {2012},
  owner = {milan},
  timestamp = {2011.12.15},
  url = {{http://hpfem.org/}}
}

@Article{Hermes-hanging-nodes,
  author = {P. Solin, J. Cerveny, I. Dolezel},
  title = {Arbitrary-Level Hanging Nodes and Automatic Adaptivity in the hp-FEM},
  journal = {Math. Comput. Simul.},
  year = {2008},
  volume = {77},
  pages = {117 - 132}
}

@Article{Hermes-adaptivity,
  author = {P. Solin, D. Andrs, J. Cerveny, M. Simko},
  title = {PDE-Independent Adaptive hp-FEM Based on Hierarchic Extension of Finite Element Spaces},
  journal = {J. Comput. Appl. Math.},
  year = {2010},
  volume = {233},
  pages = {3086-3094}
}

@Article{Hermes-nuclear,
   author = {L. Dubcova, P. Solin, G. Hansen, H. Park},
   title = {Comparison of Multimesh hp-FEM to Interpolation and Projection Methods for Spatial Coupling of Reactor Thermal and Neutron Diffusion Calculations},
   journal = {J. Comput. Physics},
   year = {2011},
   volume = {230},
   pages = {1182-1197}
 }

@Book{Hermes-book2,
   author = {P. Solin},
   title = {Partial Differential Equations and the Finite Element Method},
   publisher = {J. Wiley & Sons},
   year = {2005}
}

@article{dolfin2,
  title = {DOLFIN: Automated Finite Element Computing},
  author = {Anders Logg and Garth N. Wells},
  year = {2010},
  journal = {ACM Transactions on Mathematical Software},
  volume = {37},
  number = {2},
  doi = {10.1145/1731022.1731030},
  arxiv = {1103.6248},
}

@book{dolfin1,
  title = {Automated Solution of Differential Equations by the Finite Element Method},
  author = {Anders Logg and Kent-Andre Mardal and Garth N. Wells and others},
  year = {2012},
  publisher = {Springer},
  doi = {10.1007/978-3-642-23099-8},
  isbn = {978-3-642-23098-1},
}

@Book{Hermes-book1,
   author = {P. Solin, K. Segeth, I. Dolezel},
   title = {Higher-Order Finite Element Methods},
   publisher = {Chapman & Hall / CRC Press},
   year = {2003}
}

@Article{Hermes-thermoelasticity,
   author = {P. Solin, J. Cerveny, L. Dubcova, D. Andrs},
   title = {Monolithic Discretization of Linear Thermoelasticity Problems via Adaptive Multimesh hp-FEM},
   journal = {J. Comput. Appl. Math},
   status = {published online},
   doi = {doi 10.1016/j.cam.2009.08.092},
   year = {2009}
}

@Article{Hermes-nuclear,
   author = {L. Dubcova, P. Solin, G. Hansen, H. Park},
   title = {Comparison of Multimesh hp-FEM to Interpolation and Projection Methods for Spatial Coupling of Reactor Thermal and Neutron Diffusion Calculations},
   journal = {J. Comput. Physics},
   year = {2011},
   volume = {230},
   pages = {1182-1197}
} 
 

@PHDTHESIS{PalmtagMOX,
  author = {Palmtag, Scott P.},
  title = {Advanced {N}odal {M}ethods for {MOX} {F}uel {A}nalysis},
  school = {{M}assachusetts {I}nstitute of {T}echnology},
  year = {1997},
  month = aug
}

@ARTICLE{Petkov1,
  author = {Petko T. Petkov and Toshikazu Takeda},
  title = {{Transport Calculations of MOX and $UO_2$ Pin Cells by the Method
	of Characteristics}},
  journal = {Journal of Nuclear Science and Technology},
  year = {1998},
  volume = {35},
  pages = {874-885},
  number = {12},
  owner = {milan},
  timestamp = {2011.06.29}
}

@ARTICLE{Pomraning1,
  author = {Pomraning, G. C.},
  title = {{Asymptotic and variational derivations of the simplified PN equations}},
  journal = {Annals of Nuclear Energy},
  year = {1993},
  volume = {20},
  pages = {623-637},
  owner = {milan},
  timestamp = {2011.08.02}
}

@ARTICLE{Ragusa1,
  author = {Jean C. Ragusa},
  title = {Application of h-, p-, and hp-mesh adaptation techniques to the {SP3}
	equations},
  journal = {Transport Theory and Statistical Physics},
  year = {2011},
  volume = {39},
  pages = {234-254},
  owner = {milan},
  timestamp = {2011.08.02}
}

@Article{Ragusa2,
  author =       {Yaqi Wang and Wolfgang Bangerth and Jean Ragusa},
  title =        {Three-dimensional @f$h@f$-adaptivity for the multigroup
                  neutron diffusion equations},
  journal =      {Progr. Nucl. Energy},
  year =         2009,
  volume =       51,
  pages =        {543--555}
}

@article{ragusa2010two,
  title={A two-mesh adaptive mesh refinement technique for SN neutral-particle transport using a higher-order DGFEM},
  author={Ragusa, Jean C and Wang, Yaqi},
  journal={Journal of computational and applied mathematics},
  volume={233},
  number={12},
  pages={3178--3188},
  year={2010},
  publisher={Elsevier}
}

@article{wang2009convergence,
  title={On the convergence of DGFEM applied to the discrete ordinates transport equation for structured and unstructured triangular meshes},
  author={Wang, Yaqi and Ragusa, Jean C},
  journal={Nuclear science and engineering},
  volume={163},
  number={1},
  pages={56--72},
  year={2009},
  publisher={American Nuclear Society}
}

@article{Wang2,
title = "Standard and goal-oriented adaptive mesh refinement applied to radiation transport on 2D unstructured triangular meshes ",
journal = "Journal of Computational Physics ",
volume = "230",
number = "3",
pages = "763 - 788",
year = "2011",
note = "",
issn = "0021-9991",
doi = "http://dx.doi.org/10.1016/j.jcp.2010.10.018",
url = "http://www.sciencedirect.com/science/article/pii/S0021999110005747",
author = "Yaqi Wang and Jean C. Ragusa"
}

@article{Duo,
title = "A posteriori error estimator and \{AMR\} for discrete ordinates nodal transport methods ",
journal = "Annals of Nuclear Energy ",
volume = "36",
number = "3",
pages = "268 - 273",
year = "2009",
note = "\{PHYSOR\} 2008 ",
issn = "0306-4549",
doi = "http://dx.doi.org/10.1016/j.anucene.2008.12.008",
url = "http://www.sciencedirect.com/science/article/pii/S0306454908003368",
author = "Jose I. Duo and Yousry Y. Azmy and Ludmil T. Zikatanov"
}

@MISC{RavettoADS,
  author = {P. Ravetto},
  title = {Problems in the Neutron Dynamics of Source-Driven Systems},
  year = {2000},
  note = {Lecture given at the Workshop on Nuclear Data and Nuclear Reactors:
	Physics, Design and Safety, Trieste, 13 March - 14 April 2000}
}

@BOOK{Rektorys,
  title = {P{\v r}ehled u{\v z}it{\' e} matematiky I, II},
  publisher = {Prometheus},
  year = {1995},
  author = {Karel Rektorys and Vaclav Vilhelm and Tomas Cipra and Frantisek Kejla}
}

@BOOK{Reuss1,
  title = {{N}eutron {P}hysics},
  publisher = {{EDP Sciences}},
  year = {2008},
  author = {Paul Reuss}
}

@MISC{arpack,
  author = {{Rice University}},
  title = {ARPACK},
  url = {http://www.caam.rice.edu/software/ARPACK/},
  note = {Accessed: 2014-09-30}
}

@MISC{MUMPS,
  author = {{Patrick Amestoy and Alfredo Buttari and Abdou Guermouche and Bora Ucar and Jean-Yves L'Excellent }},
  title = {MUltifrontal Massively Parallel sparse direct Solver},
  url = {http://mumps.enseeiht.fr/index.php},
  note = {Accessed: 2014-09-30}
}



@ELECTRONIC{MARC,
  author = {RSICC, Oak Ridge, Tennessee},
  year = {1981},
  title = {{MARC-PN:} A Neutron Diffusion Code System with Spherical Harmonics
	Option},
  url = {http://www-rsicc.ornl.gov/codes/ccc/ccc3/ccc-311.html}
}

@BOOK{Saad,
  title = {Iterative Methods for Sparse Linear Systems},
  publisher = {PWS Publishing Company},
  year = {1996},
  author = {Yousef Saad},
  owner = {Milan},
  timestamp = {2009.08.16}
}

@ARTICLE{Sam,
  author = {David D. Sam and E. Turan Onat},
  title = {Coordinate free tensorial representation of the orientation distribution function with harmonic polynomials},
  journal = {{Textures and Microstructures}},
  year = {1993},
  volume = {21},
  pages = {233-250}
}

@ARTICLE{Sanchez2,
  author = {Richard Sanchez},
  title = {Assembly homogenization techniques for core calculations},
  journal = {{Progress in Nuclear Energy}},
  year = {2009},
  volume = {51},
  pages = {14-31},
  owner = {Milan},
  timestamp = {2009.07.07}
}

@ARTICLE{Sanchez3,
  author = {Richard Sanchez},
  title = {{The Criticality Eigenvalue Problem for the Transport Operator with General Boundary Conditions}},
  journal = {{Transport Theory and Statistical Physics}},
  year = {2006},
  volume = {35},
  pages = {159-185},
  number = {5}
}

@ARTICLE{Sanchez4,
  author = {Richard Sanchez},
  title = {Treatment of boundary conditions in trajectory-based deterministic transport methods},
  journal = {Nuclear Science and Engineering},
  year = {2002},
  volume = {140},
  pages = {23-50}
}


@ARTICLE{Sanchez5,
  author = {Richard Sanchez},
  title = {Some bounds for the effective multiplication factor},
  journal = {{Annals of Nuclear Energy}},
  year = {2001},
  volume = {31},
  pages = {1207-1218}
}

@INCOLLECTION{Sanchez6,
  author = {Richard Sanchez},
  title = {{A Review of Neutron Transport Approximations}},
  booktitle = {{Critical Reviews}},
  publisher = {{American Nuclear Society}},
  year = {1981},
  number = {11}
}

@ARTICLE{Sanchez7,
  author = {Richard Sanchez},
  title = {{Prospects in Deterministic Three-dimensional Whole-core Transport Calculations}},
  journal = {{Nuclear Engineering and Technology}},
  year = {2012},
  volume = {44},
  number = {2},
  pages = {113-150},
}

@ARTICLE{Sanchez8,
  author = {Richard Sanchez},
  title = {On $P_N$ Interface and Boundary Conditions},
  journal = {Nuclear Science and Engineering},
  year = {2014},
  volume = {177},
  pages = {19-34}
}

@BOOK{Sansone,
  title = {Orthogonal Functions},
  publisher = {Dover Publications},
  year = {2004},
  author = {G. Sansone}
}

@book{Vladimirov,
  title={Mathematical Problems in the One-velocity Theory of Particle Transport},
  author={Vladimirov, V.S. and Atomic Energy of Canada Limited},
  year={1963},
  publisher={Atomic Energy of Canada Limited}
}

@ARTICLE{Sanchez1,
  author = {S. Santandrea and R. Sanchez and P. Mosca},
  title = {A linear surface characteristics approximation for neutron transport
	in unstructured meshes},
  journal = {Nuclear Science and Engineering},
  year = {2008},
  volume = {160},
  pages = {23-40},
  owner = {milan},
  timestamp = {2011.06.29}
}


@book{Schreiner,
  title={Spherical Functions of Mathematical Geosciences: A Scalar, Vectorial, and Tensorial Setup},
  author={Freeden, W. and Schreiner, M.},
  isbn={9783540851127},
  series={Advances in Geophysical and Environmental Mechanics and Mathematics},
  year={2008},
  publisher={Springer}
}

@ARTICLE{Smith,
  author = {Kord S. Smith},
  title = {{Assembly homogenization techniques for Light Water Reactor analysis}},
  journal = {Progress in Nuclear Energy},
  year = {1986},
  volume = {17},
  pages = {303-335},
  owner = {Milan},
  timestamp = {2009.08.17}
}

@ARTICLE{Ackroyd1,
  author = {Ron T. Ackroyd},
  title = {{On a rigorous resolution of the transport equation into a system of diffusion-like equations}},
  journal = {Progress in Nuclear Energy},
  year = {1999},
  volume = {35},
  number = {1},
  pages = {1-64}
}

@ARTICLE{Ackroyd2,
	author={Ackroyd, R.T. and Wilson, W.E.},
	title={Composite finite element solutions for neutron transport},
	journal={Annals of Nuclear Energy},
	year={1988},
	volume={15},
	number={8},
	pages={397-419}
}

@PHDTHESIS{Jarrell,
	author={J. Jarrell},
	title={An Adaptive Angular Discretization Method for Neutral-Particle Transport in Three-Dimensional Geometries},
	school={Texas A\&M University, College Station, TX},
	year={2010},
}


@ARTICLE{vanCriekingen1,
  author = {Serge van Criekingen},
  title = {{A 2-D/3-D cartesian geometry non-conforming spherical harmonic neutron transport solver}},
  journal = {Annals of Nuclear Energy},
  year = {2007},
  volume = {34},
  number = {3},
  pages = {177-187}
}

@MASTERSTHESIS{Smity,
  author = {Martina Smitkov{\' a}},
  title = {Numerick{\' e} modelov{\' a}n{\' i} transportu neutron{\accent23o
	u}},
  school = {University of West Bohemia in Pilsen},
  year = {2009}
}

@BOOK{Byerly,
  title = {{An elementary treatise on Fourier's series and spherical, cylindrical and ellipsoidal harmonics, with applications to problems in mathematical physics}},
  publisher = {Ginn and Co., Boston, USA},
  year = {1893},
  author = {William E. Byerly},
  edition = {2nd}
}

@BOOK{Stacey1,
  title = {Nuclear Reactor Physics},
  publisher = {John Wiley \& Sons, Inc., New York},
  year = {2007},
  author = {Stacey, Weston M.},
  edition = {2nd},
  owner = {milan},
  timestamp = {2011.06.29}
}

@BOOK{StaceyNRP,
  title = {Nuclear Reactor Physics},
  publisher = {John Wiley \& Sons, Inc., New York},
  year = {2001},
  author = {Stacey, Weston M.}
}

@BOOK{Stammler,
  title = {{Methods of Steady-State Reactor Physics in Nuclear Design}},
  publisher = {Academic Press},
  year = {1983},
  author = {R. J. J. Stamm'ler and M. J. Abbate},
  owner = {milan},
  timestamp = {2011.11.16}
}

@BOOK{eig,
  title = {Matrix Algorithms, Volume II: Eigensystems},
  publisher = {SIAM Philadelphia},
  year = {2001},
  author = {G. W. Stewart},
  owner = {Milan},
  timestamp = {2009.08.17}
}

@ARTICLE{Suslov1,
  author = {Igor Suslov},
  title = {Improvements in the Long Characteristics Method and their Efficiency
	for Deep Penetration Calculations},
  journal = {Progress in Nuclear Energy},
  year = {2001},
  volume = {39},
  pages = {223-242},
  number = {2},
  owner = {milan},
  timestamp = {2011.06.29}
}

@ARTICLE{SuttonDTM,
  author = {Sutton, T.M and Aviles, B.N.},
  title = {Diffusion Theory Methods for Spatial Kinetics Calculations},
  journal = {Progress in Nuclear Energy},
  year = {1996},
  volume = {30},
  pages = {119-182},
  number = {2}
}

@ARTICLE{Tanner,
	author = {Jarred Tanner},
	title = {Optimal filter and mollifier for piecewise smooth spectral data},
	journal = {Mathematics of Computation},
	volume = {75},
	number = {254},
	pages = {767-790},
	year = {2006}
}

@TECHREPORT{NEACRP,
  author = {Toshikazu Takeda and Hideaki Ikeda},
  title = {3-D Neutron Transport Benchmarks},
  institution = {Department Of Nuclear Engineering, Osaka University, Japan},
  year = {1991},
  owner = {Milan},
  timestamp = {2009.08.17}
}

@ARTICLE{ThevenotOpt,
  author = {Laurent Thevenot},
  title = {On the Optimization of the Fuel Distribution in a Nuclear Reactor},
  journal = {SIAM J. Math. Anal.},
  year = {2004},
  volume = {35},
  pages = {1133-1159}
}

@MISC{Trkov,
  author = {Andrej Trkov},
  title = {From Basic Nuclear Data to Applications},
  year = {2000},
  note = {Lecture given at the Workshop on Nuclear Data and Nuclear Reactors:
	Physics, Design and Safety, Trieste, 13 March - 14 April 2000}
}

@TECHREPORT{NESTLE,
  author = {Turinsky, Paul J. et al.},
  title = {{NESTLE} Few-group neutron diffusion equation solver utilizing the
	nodal expansion method for eigenvalue, adjoint, fixed-source steady-state
	and transient problems},
  institution = {{E}lectric {P}ower {R}esearch {C}enter},
  year = {1994},
  address = {{N}orth {C}arolina {S}tate {U}niversity, Raleigh, NC 27695-7909},
  month = jun
}

@ARTICLE{VdV,
  author = {Henk A. van der Vorst},
  title = {{BI-CGSTAB}: A fast and smoothly converging variant of {BI-CG} for
	the solution of nonsymmetric linear systems},
  journal = {{SIAM J. Sci. Stat. Comput.}},
  year = {1992},
  volume = {13},
  pages = {631-644},
  owner = {Milan},
  timestamp = {2009.08.16}
}

@BOOK{Wachspress1966,
  title = {{I}terative {S}olution of {E}lliptic {S}ystems {A}nd {A}pplications
	to the {N}eutron {D}iffusion {E}quations of {R}eactor {P}hysics},
  publisher = {{Prentice-Hall, Inc.}, {E}nglewood {C}liffs, {N. J.}},
  year = {1966},
  author = {Wachspress, Eugene. L.},
  owner = {Milan},
  timestamp = {2009.07.07}
}

@ARTICLE{WagnerHEX,
  author = {Wagner, {M}. {R}.},
  title = {Three-{D}imensional {N}odal {D}iffusion and {T}ransport {T}heory
	{M}ethods for {H}exagonal-z {G}eometry},
  journal = {Nuclear Science and Engineering},
  year = {1989},
  volume = {103},
  pages = {377-391},
  month = may
}

@TECHREPORT{warsa,
  author = {James S. Warsa and Todd A. Wareing and Jim E. Morel and John M. McGhee
	and Richard B. Lehoucq},
  title = {Krylov Subspace Iterations for Deterministic k-eigenvalue
	
	Calculations},
  institution = {Los Alamos National Laboratory},
  year = {2001},
  owner = {Milan},
  timestamp = {2009.08.17}
}

@BOOK{WilliamsMMPTT,
  title = {Mathematical Methods in Particle Transport Theory},
  publisher = {Butterworths, London},
  year = {1971},
  author = {Williams, M. M. R.}
}

@ARTICLE{Wu1,
  author = {G.J. Wu and R. Roy},
  title = {A new characteristics algorithm for {3D} transport calculations},
  journal = {Annals of Nuclear Energy},
  year = {2003},
  volume = {30},
  pages = {1-16},
  owner = {milan},
  timestamp = {2011.06.29}
}

@ARTICLE{Yamamoto1,
  author = {A. Yamamoto},
  title = {Reduction of the Spatial Discretization Error in the Method of Characteristics
	using the Diamond-difference Scheme},
  journal = {Journal of Nuclear Science and Technology},
  year = {2006},
  volume = {43},
  pages = {1327-1335},
  number = {11},
  owner = {milan},
  timestamp = {2011.06.29}
}

@ARTICLE{DownarARSM,
  author = {Zhaopeng Zhong and Thomas J. Downar and Yunlin Xu and Mark L. Williams
	and Mark D. DeHart},
  title = {{Continuous-Energy Multidimensional SN Transport for Problem-Dependent
	Resonance Self-Shielding Calculations}},
  journal = {Nuclear Science and Engineering},
  year = {2006},
  volume = {154},
  pages = {190-201},
  number = {2},
  owner = {Milan},
  timestamp = {2009.07.07}
}

@ARTICLE{Zimin,
  author = {Vyacheslav G. Zimin and Denis M. Baturin},
  title = {Polynomial nodal method for solving neutron diffusion equations in
	hexagonal-z geometry},
  journal = {Annals of Nuclear Energy},
  year = {2002},
  volume = {29},
  pages = {1105-1117},
  owner = {Milan},
  timestamp = {2009.08.17}
}

@article{Fournier,
title = "Analysis of an a posteriori error estimator for the transport equation with \{SN\} and discontinuous Galerkin discretizations ",
journal = "Annals of Nuclear Energy ",
volume = "38",
number = "2–3",
pages = "221 - 231",
year = "2011",
note = "",
issn = "0306-4549",
doi = "http://dx.doi.org/10.1016/j.anucene.2010.11.006",
url = "http://www.sciencedirect.com/science/article/pii/S0306454910003956",
author = "D. Fournier and R. Le Tellier and C. Suteau"
}

@article{Mirza,
	title = "A spatially adaptive grid-refinement approach for the finite element solution of the even-parity Boltzmann transport equation ",
	journal = "Annals of Nuclear Energy ",
	volume = "34",
	number = "7",
	pages = "600 - 613",
	year = "2007",
	note = "",
	issn = "0306-4549",
	doi = "http://dx.doi.org/10.1016/j.anucene.2007.02.015",
	url = "http://www.sciencedirect.com/science/article/pii/S030645490700062X",
	author = "Anwar M. Mirza and Shaukat Iqbal and Faizur Rahman"
}

@article{LathouwersGoal,
title = "Goal-oriented spatial adaptivity for the \{SN\} equations on unstructured triangular meshes ",
journal = "Annals of Nuclear Energy ",
volume = "38",
number = "6",
pages = "1373 - 1381",
year = "2011",
note = "",
issn = "0306-4549",
doi = "http://dx.doi.org/10.1016/j.anucene.2011.01.038",
url = "http://www.sciencedirect.com/science/article/pii/S0306454911000594",
author = "D. Lathouwers"
}

@article{Johnson,
author={Johnson,Claes and Pitkaranta,Juhani},
year={1983},
month={10},
title={Convergence of a Fully Discrete Scheme for Two-Dimensional Neutron Transport},
journal={SIAM Journal on Numerical Analysis},
volume={20},
number={5},
pages={951-16},
keywords={Mathematics},
isbn={00361429},
language={English},
url={http://search.proquest.com/docview/923483145?accountid=119841}
}

@article{FournierDGHP,
	author={Fournier,D. and Herbin,R. and Tellier,R. L.},
	year={2013},
	title={Discontinuous Galerkin Discretization and $hp$-Refinement for the Resolution of the Neutron Transport Equation},
	journal={SIAM Journal on Scientific Computing},
	volume={35},
	number={2},
	pages={A.936-A.956},
	language={English},
	url={http://search.proquest.com/docview/1322998465?accountid=119841},
}

@article {GMSH,
author = {Geuzaine, Christophe and Remacle, Jean-François},
title = {Gmsh: A 3-D finite element mesh generator with built-in pre- and post-processing facilities},
journal = {International Journal for Numerical Methods in Engineering},
volume = {79},
number = {11},
publisher = {John Wiley \& Sons, Ltd.},
issn = {1097-0207},
url = {http://dx.doi.org/10.1002/nme.2579},
doi = {10.1002/nme.2579},
pages = {1309--1331},
keywords = {computer-aided design, mesh generation, post-processing, finite element method, open-source software},
year = {2009},
}

@article{UMFPACK,
    author = {Davis, Timothy A.},
    doi = {10.1145/992200.992206},
    issn = {0098-3500},
    journal = {ACM Transactions On Mathematical Software},
    month = jun,
    number = {2},
    pages = {196--199},
    posted-at = {2006-11-20 12:01:52},
    priority = {1},
    publisher = {ACM},
    title = {{Algorithm 832: UMFPACK V4.3---an unsymmetric-pattern multifrontal method}},
    volume = {30},
    year = {2004}
}

@article{Douglass,
title = "Consistent generalized energy condensation theory ",
journal = "Annals of Nuclear Energy ",
volume = "40",
number = "1",
pages = "200 - 214",
year = "2012",
issn = "0306-4549",
doi = "http://dx.doi.org/10.1016/j.anucene.2011.09.001",
url = "http://www.sciencedirect.com/science/article/pii/S0306454911003689",
author = "Steven Douglass and Farzad Rahnema"
}

@article{Kirby,
author = {Kirby, R.},
title = {From Functional Analysis to Iterative Methods},
journal = {SIAM Review},
volume = {52},
number = {2},
pages = {269-293},
year = {2010},
doi = {10.1137/070706914},

URL = { 
        http://dx.doi.org/10.1137/070706914
    
},
eprint = { 
        http://dx.doi.org/10.1137/070706914
    
}

}

@article{Bourhrara1,
author = {Bourhrara, L.},
title = {H1 Approximations of the Neutron Transport Equation and Associated Diffusion Equations},
journal = {Transport Theory and Statistical Physics},
volume = {35},
number = {3-4},
pages = {89-108},
year = {2006},
doi = {10.1080/00411450600901730}
}

@article{bourhrara2,
author = {Bourhrara, L.},
title = {New Variational Formulations for the Neutron Transport Equation},
journal = {Transport Theory and Statistical Physics},
volume = {33},
number = {2},
pages = {93-124},
year = {2004},
doi = {10.1081/TT-120037803}
}

@article{bourhrara3,
author = {Bourhrara, L.},
title = {W N Approximations Of Neutron Transport Equation},
journal = {Transport Theory and Statistical Physics},
volume = {38},
number = {4},
pages = {195-227},
year = {2009},
doi = {10.1080/00411450903192938}
}

@article{Subramanian,
title = "The Davidson method as an alternative to power iterations for criticality calculations ",
journal = "Annals of Nuclear Energy ",
volume = "38",
number = "12",
pages = "2818 - 2823",
year = "2011",
issn = "0306-4549",
doi = "http://dx.doi.org/10.1016/j.anucene.2011.08.018",
url = "http://www.sciencedirect.com/science/article/pii/S0306454911003471",
author = "C. Subramanian and S. Van Criekingen and V. Heuveline and F. Nataf and P. Havé"
}

@article{Sleijpen1,
title = "An overview of approaches for the stable computation of hybrid BiCG methods ",
journal = "Applied Numerical Mathematics ",
volume = "19",
number = "3",
pages = "235 - 254",
year = "1995",
note = "Iterative Methods for Linear Equations ",
issn = "0168-9274",
doi = "http://dx.doi.org/10.1016/0168-9274(95)00085-2",
url = "http://www.sciencedirect.com/science/article/pii/0168927495000852",
author = "Gerard L.G. Sleijpen and Henk A. van der Vorst"
}
@article{Sleijpen2,
author = {Sleijpen, G. and Van der Vorst, H.},
title = {A Jacobi--Davidson Iteration Method for Linear Eigenvalue Problems},
journal = {SIAM Review},
volume = {42},
number = {2},
pages = {267-293},
year = {2000},
doi = {10.1137/S0036144599363084}
}
@article {Notay,
author = {Hochstenbach, M.E. and Notay, Y.},
title = {The Jacobi–Davidson method},
journal = {GAMM-Mitteilungen},
volume = {29},
number = {2},
publisher = {WILEY-VCH Verlag},
issn = {1522-2608},
url = {http://dx.doi.org/10.1002/gamm.201490038},
doi = {10.1002/gamm.201490038},
pages = {368--382},
year = {2006},
}

@Article{slepc1,
   author  = "Vicente Hernandez and Jose E. Roman and Vicente Vidal",
   title   = "{SLEPc}: A Scalable and Flexible Toolkit for the Solution of Eigenvalue
              Problems",
   journal = "{ACM} Trans. Math. Software",
   volume  = "31",
   number  = "3",
   pages   = "351--362",
   year    = "2005"
}

@Misc{petsc1,
    author = {Satish Balay and Shrirang Abhyankar and Mark~F. Adams and Jed Brown and Peter Brune
              and Kris Buschelman and Victor Eijkhout and William~D. Gropp
              and Dinesh Kaushik and Matthew~G. Knepley
              and Lois Curfman McInnes and Karl Rupp and Barry~F. Smith
              and Hong Zhang},
    title =  {{PETS}c {W}eb page},
    url =    {http://www.mcs.anl.gov/petsc},
    howpublished = {\url{http://www.mcs.anl.gov/petsc}},
    year = {2014}
  }

@book{Zweifel,
  title={Linear transport theory},
  author={Case, K.M. and Zweifel, P.F.},
  series={Addison-Wesley series in nuclear engineering},
  year={1967},
  publisher={Addison-Wesley Pub. Co.}
}

@Article{slepcjd,
  author   = "E. Romero and J. E. Roman",
  title    = "A Parallel Implementation of {Davidson} Methods for
              Large-Scale Eigenvalue Problems in {SLEPc}",
  journal = "{ACM} Trans. Math. Software",
  volume   = "40",
  number   = "2",
  pages    = "13:1--13:29",
  year     = "2014"
}
